<record><leader>00000cas a22000007a 4500</leader><controlfield tag="001">13547564</controlfield><controlfield tag="008">860508c19219999paudr ne      0   a0eng c</controlfield><datafield ind1=" " ind2=" " tag="010"><subfield code="a">sn 86081380 </subfield></datafield><datafield ind1=" " ind2=" " tag="040"><subfield code="a">NPH</subfield><subfield code="b">eng</subfield><subfield code="c">NPH</subfield><subfield code="d">NYS</subfield><subfield code="d">NSD</subfield><subfield code="d">CUS</subfield><subfield code="d">DLC</subfield><subfield code="d">OCLCF</subfield><subfield code="d">OCLCO</subfield><subfield code="d">DLC</subfield></datafield><datafield ind1=" " ind2=" " tag="012"><subfield code="l">1</subfield></datafield><datafield ind1="0" ind2=" " tag="022"><subfield code="a">2159-4872</subfield><subfield code="2">1</subfield></datafield><datafield ind1=" " ind2=" " tag="037"><subfield code="b">The Daily Review, 116 Main St., Towanda, PA  18848</subfield></datafield><datafield ind1=" " ind2=" " tag="042"><subfield code="a">pcc</subfield><subfield code="a">nsdp</subfield></datafield><datafield ind1="1" ind2="0" tag="050"><subfield code="a">ISSN RECORD</subfield></datafield><datafield ind1="1" ind2="0" tag="082"><subfield code="a">070</subfield><subfield code="2">14</subfield></datafield><datafield ind1="0" ind2=" " tag="130"><subfield code="a">Daily review (Towanda, Pa.)</subfield></datafield><datafield ind1=" " ind2="4" tag="222"><subfield code="a">The daily review</subfield><subfield code="b">(Towanda, Pa. Print)</subfield></datafield><datafield ind1="0" ind2="4" tag="245"><subfield code="a">The daily review.</subfield></datafield><datafield ind1=" " ind2=" " tag="260"><subfield code="a">Towanda, Pa. :</subfield><subfield code="b">Towanda Printing Co.,</subfield><subfield code="c">1921-</subfield></datafield><datafield ind1="3" ind2=" " tag="260"><subfield code="a">&lt;Nov. 2005-&gt; :</subfield><subfield code="b">Times Shamrock Communications</subfield></datafield><datafield ind1=" " ind2=" " tag="300"><subfield code="a">v. :</subfield><subfield code="b">ill. ;</subfield><subfield code="c">56-62 cm.</subfield></datafield><datafield ind1=" " ind2=" " tag="310"><subfield code="a">Daily</subfield></datafield><datafield ind1="0" ind2=" " tag="362"><subfield code="a">Forty second yr., no. 11,895 (May 17, 1921)-</subfield></datafield><datafield ind1=" " ind2=" " tag="580"><subfield code="a">Also issued in a Valley edition.</subfield></datafield><datafield ind1=" " ind2=" " tag="580"><subfield code="a">Sunday edition entitled: Sunday review.</subfield></datafield><datafield ind1=" " ind2=" " tag="588"><subfield code="a">Latest issue consulted: Nov. 5, 2010 (surrogate).</subfield></datafield><datafield ind1=" " ind2="0" tag="651"><subfield code="a">Towanda (Pa.)</subfield><subfield code="v">Newspapers.</subfield></datafield><datafield ind1=" " ind2="7" tag="651"><subfield code="a">Pennsylvania</subfield><subfield code="z">Towanda.</subfield><subfield code="2">fast</subfield><subfield code="0">(OCoLC)fst01212037</subfield></datafield><datafield ind1=" " ind2="7" tag="655"><subfield code="a">Newspapers.</subfield><subfield code="2">fast</subfield><subfield code="0">(OCoLC)fst01423814</subfield></datafield><datafield ind1=" " ind2=" " tag="752"><subfield code="a">United States</subfield><subfield code="b">Pennsylvania</subfield><subfield code="c">Bradford</subfield><subfield code="d">Towanda.</subfield></datafield><datafield ind1="1" ind2=" " tag="775"><subfield code="t">Daily review (Towanda, Pa. : Valley ed.)</subfield><subfield code="w">(DLC)sn 86081379</subfield></datafield><datafield ind1="1" ind2=" " tag="775"><subfield code="t">Sunday review (Towanda, Pa.)</subfield><subfield code="x">1068-5677</subfield><subfield code="w">(DLC)sn 93007247</subfield><subfield code="w">(OCoLC)18722748</subfield></datafield><datafield ind1="0" ind2=" " tag="775"><subfield code="t">Thedailyreview.com</subfield><subfield code="x">2159-4902</subfield><subfield code="w">(DLC)  2011201576</subfield><subfield code="w">(OCoLC)696806383</subfield></datafield><datafield ind1="0" ind2="0" tag="780"><subfield code="t">Towanda daily review</subfield><subfield code="x">2379-4941</subfield><subfield code="w">(DLC)sn 86081381</subfield><subfield code="w">(OCoLC)13547387</subfield></datafield><datafield ind1="4" ind2="2" tag="856"><subfield code="u">http://thedailyreview.com/</subfield></datafield><datafield ind1="1" ind2=" " tag="029"><subfield code="a">AU@</subfield><subfield code="b">000042093047</subfield></datafield></record>